<?xml version="1.0" encoding="UTF-8"?><collection xmlns="http://www.loc.gov/MARC21/slim"><record><leader>00452nam--2200169-i-4500</leader><controlfield tag="001">000024745</controlfield><controlfield tag="002">20161230</controlfield><controlfield tag="005">20170103010139</controlfield><controlfield tag="008">060222s1000------------r-----000-0-eng-d</controlfield><datafield ind1=" " ind2=" " tag="080"><subfield code="a">629.19</subfield></datafield><datafield ind1=" " ind2=" " tag="100"><subfield code="a">Ionescu, Demostene</subfield></datafield><datafield ind1=" " ind2=" " tag="245"><subfield code="a">Sateliti artificiali la sfarsit de mileniu</subfield></datafield><datafield ind1=" " ind2=" " tag="260"><subfield code="a">Bucuresti</subfield><subfield code="b">Editura Stiintifica Si Enciclopedica</subfield><subfield code="c">1988</subfield></datafield><datafield ind1=" " ind2=" " tag="300"><subfield code="a">487 p</subfield></datafield><datafield ind1=" " ind2=" " tag="700"><subfield code="a">Zaganescu, Florin</subfield></datafield><datafield ind1=" " ind2=" " tag="852"><subfield code="a">74895</subfield></datafield><datafield ind1=" " ind2=" " tag="CAT"><subfield code="a">SYS</subfield><subfield code="c">20170103</subfield><subfield code="h">010139</subfield></datafield></record></collection>